@TECHREPORT{YACC,
    author = {Stephen C. Johnson},
    title = {Yacc: Yet Another Compiler-Compiler},
    institution = {Bell Laboratories},
    year = {1979}
}
@book{ANTLR,
  author = {Terence Parr},
  edition = {First},
  interHash = {d9ef4ed82183b86b6a3004161de5ea44},
  intraHash = {1688029f4c14bd3b234933a48e902c03},
  publisher = {Pragmatic Bookshelf},
  series = {Pragmatic Programmers},
  title = {The Definitive ANTLR Reference: Building Domain-Specific Languages},
  year = {2007},
  ean = {9780978739256},
  asin = {0978739256},
  isbn = {0978739256},
  dewey = {005.45},
  month = May
}
@inproceedings{AspectJ,
 author = {Kiczales, Gregor and Hilsdale, Erik and Hugunin, Jim and Kersten, Mik and Palm, Jeffrey and Griswold, William G.},
 title = {An Overview of {AspectJ}},
 booktitle = {ECOOP '01: Proceedings of the 15th European Conference on Object-Oriented Programming},
 year = {2001},
 isbn = {3-540-42206-4},
 pages = {327--353},
 publisher = {Springer-Verlag},
 address = {London, UK},
}
@article{ATG,
    author = {Knuth, Donald E.},
    citeulike-article-id = {2347534},
    citeulike-linkout-0 = {http://dx.doi.org/10.1007/BF01692511},
    citeulike-linkout-1 = {http://www.springerlink.com/content/m2501m07m4666813},
    day = {1},
    doi = {10.1007/BF01692511},
    journal = {Theory of Computing Systems},
    keywords = {attribute-grammar},
    month = {June},
    number = {2},
    pages = {127--145},
    posted-at = {2008-02-07 01:59:25},
    priority = {0},
    title = {Semantics of context-free languages},
    url = {http://dx.doi.org/10.1007/BF01692511},
    volume = {2},
    year = {1968}
}
@book{JLS,
        title = {The Java Language Specification, Third Edition},
        address = {Amsterdam},
        author = {James Gosling and Bill Joy and Guy Steele and Gilad Bracha},
        edition = 3,
        pages = 688,
        publisher = {Addison-Wesley Longman},
        year = 2005,
        day = 28,
        
      month = {June},
    biburl = {http://www.bibsonomy.org/bibtex/27ecc3fb9b3f3b3c322b372c99b0dfa2b/gron},
	keywords = {Java Language PhD Proposal Specification VM},
    asin = {0321246780}, 
    dewey = {005.133}, 
    ean = {9780321246783}, 
    isbn = {0321246780}
}
@inproceedings{Fragile,
  title = {{PCDiff}: Attacking the Fragile Pointcut Problem},
  booktitle = {European Interactive Workshop on Aspects in Software},
  year = {2004},
  month = {September},
  author = {Maximilian St{\"o}rzer and Christian Koppen},
  address = {Berlin, Germany},
  url = {http://pp.info.uni-karlsruhe.de/uploads/publikationen/stoerzer04eiwas.pdf},
}
@inproceedings{SableCC,
 author = {Gagnon, Etienne M. and Hendren, Laurie J.},
 title = {{SableCC}, an Object-Oriented Compiler Framework},
 booktitle = {TOOLS '98: Proceedings of the Technology of Object-Oriented Languages and Systems},
 year = {1998},
 isbn = {0-8186-8482-8},
 pages = {140},
 publisher = {IEEE Computer Society},
 address = {Washington, DC, USA},
 }
@article{JastAdd,
 author = {Hedin, G\"{o}rel and Magnusson, Eva},
 title = {{JastAdd}: an aspect-oriented compiler construction system},
 journal = {Science of Computer Programming},
 volume = {47},
 number = {1},
 year = {2003},
 issn = {0167-6423},
 pages = {37--58},
 doi = {http://dx.doi.org/10.1016/S0167-6423(02)00109-0},
 publisher = {Elsevier North-Holland, Inc.},
 address = {Amsterdam, The Netherlands, The Netherlands},
}
@article{Silver,
 author = {Van Wyk, Eric and Bodin, Derek and Gao, Jimin and Krishnan, Lijesh},
 title = {Silver: an Extensible Attribute Grammar System},
 journal = {ENTCS},
 volume = {203},
 number = {2},
 year = {2008},
 issn = {1571-0661},
 pages = {103--116},
 doi = {http://dx.doi.org/10.1016/j.entcs.2008.03.047},
 publisher = {Elsevier Science Publishers B. V.},
 address = {Amsterdam, The Netherlands, The Netherlands},
 }
@inproceedings{LISA,
 author = {Rebernak, Damijan and Mernik, Marjan},
 title = {A tool for compiler construction based on aspect-oriented specifications},
 booktitle = {COMPSAC '07: Proceedings of the 31st Annual International Computer Software and Applications Conference},
 year = {2007},
 isbn = {0-7695-2870-8},
 pages = {11--16},
 doi = {http://dx.doi.org/10.1109/COMPSAC.2007.46},
 publisher = {IEEE Computer Society},
 address = {Washington, DC, USA},
 }
@MISC{MPS,
	author = {JetBrains},
	title = {{Meta Programming System (MPS)}},
	year = {2009},
	howpublished = {\url{http://www.jetbrains.com/mps}},
}
@inproceedings{Laemmel,
  author    = {Ralf L{\"a}mmel},
  title     = {Grammar Adaptation},
  booktitle = {FME},
  year      = {2001},
  pages     = {550-570},
  ee        = {http://link.springer.de/link/service/series/0558/bibs/2021/20210550.htm},
  crossref  = {DBLP:conf/fm/2001},
  bibsource = {DBLP, http://dblp.uni-trier.de}
}
@proceedings{DBLP:conf/fm/2001,
  editor    = {Jos{\'e} Nuno Oliveira and
               Pamela Zave},
  title     = {FME 2001: Formal Methods for Increasing Software Productivity,
               International Symposium of Formal Methods Europe, Berlin,
               Germany, March 12-16, 2001, Proceedings},
  booktitle = {FME},
  publisher = {Springer},
  series    = {Lecture Notes in Computer Science},
  volume    = {2021},
  year      = {2001},
  isbn      = {3-540-41791-5},
  bibsource = {DBLP, http://dblp.uni-trier.de}
}
@inproceedings{Island,
 author = {Moonen, Leon},
 title = {Generating Robust Parsers using Island Grammars},
 booktitle = {WCRE '01: Proceedings of the Eighth Working Conference on Reverse Engineering (WCRE'01)},
 year = {2001},
 isbn = {0-7695-1303-4},
 pages = {13},
 publisher = {IEEE Computer Society},
 address = {Washington, DC, USA},
 }
@MISC{Pretzel,
	author = {G\"artner, Felix},
	title = {The {PretzelBook}},
	year = {1998},
	howpublished = {Available online at \\\url{http://www.informatik.tu-darmstadt.de/BS/Gaertner/pretzel/} (last accessed on April 28, 2010)},
}
@MISC{xText,
	author = {The Eclipse Foundation},
	title = {{Xtext}},
	year = {2009},
	howpublished = {\url{http://www.eclipse.org/Xtext}},
}
@MISC{xText1,
	author = {Behrens, Heiko and Clay, Michael and Efftinge, Sven and Eysholdt, Moritz and Friese,
 Peter and K\"ohnlein, Jan and Wannheden, Knut and Zarnekow, Sebastian and contributors},
	title = {{Xtext User Guide}},
	year = {2009},
	howpublished = {\url{http://www.eclipse.org/Xtext/documentation/0_7_2/xtext.pdf}},
}
