@Article{vestnik2008,
author = {ј. ј. Ѕреслав and ». ё. ѕопов},
title = {ѕрименение принципов {MDD} и аспектно-ориентированного программировани€ к разработке {ѕќ}, св€занного с формальными грамматиками},
journal = {Ќаучно-технический вестник —ѕб√” »“ћќ. --- \emph{¬ыпуск є57}},
year = {2008},
language={russian},
pages = {87--96},
}
@Article{vestnik2009,
author = {ј. ј. Ѕреслав},
title = {—редства повторного использовани€ формальных грамматик и их применение дл€ создани€ диалектов},
journal = {Ќаучно-технический вестник —ѕб√” »“ћќ. --- \emph{¬ыпуск є61}},
year = {2009},
language={russian},
pages = {75--81},
}
@InProceedings{knit,
author = {ј. ј. Ѕреслав},
title = {—оздание диалектов €зыков программировани€ с использованием грамматических аспектов},
booktitle = { омпьютерные науки и информационные технологии: ћатериалы ћеждунар. науч. конф.},
language={russian},
OPTcrossref = {Х},
OPTkey = {Х},
pages = {231--232},
year = {2009},
editor = {¬. ј. “вердохлебов and ё. ». ћитрованов and ј. √. ‘едорова and ¬. Ќ. —алий and ј. —. »ванов},
OPTvolume = {Х},
OPTnumber = {Х},
OPTseries = {Х},
OPTaddress = {Х},
OPTmonth = {Х},
OPTorganization = {Х},
publisher = {—аратов: »здательство —аратовского университета},
OPTnote = {Х},
OPTannote = {Х}
}
@InProceedings{gttse,
author = {A. Breslav},
title = {Creating Textual Language Dialects Using Aspect-like Techniques},
booktitle = {pre-proceedings of 3rd Summer School on Generative and Transformational Techniques in Software Engineering (Braga, Portugal)},
OPTcrossref = {Х},
OPTkey = {Х},
pages = {63--64},
year = {2009},
OPTeditor = {},
OPTvolume = {Х},
OPTnumber = {Х},
OPTseries = {Х},
OPTaddress = {Х},
OPTmonth = {Х},
OPTorganization = {Х},
OPTpublisher = {},
OPTnote = {Х},
OPTannote = {Х}
}
@InProceedings{ewscs2010,
author = {A. Breslav},
title = {A Type Checker for Multi-Targeted Parser Specifications},
booktitle = {Proceedings of 15th Estonian Winter School in Computer Science (Palmse, Estonia)},
OPTcrossref = {Х},
OPTkey = {Х},
pages = {12--13},
year = {2010},
OPTeditor = {},
OPTvolume = {Х},
OPTnumber = {Х},
OPTseries = {Х},
OPTaddress = {Х},
OPTmonth = {Х},
OPTorganization = {Х},
OPTpublisher = {},
OPTnote = {Х},
OPTannote = {Х}
}
@Misc{,
OPTkey = {Х},
OPTauthor = {Х},
OPTtitle = {Х},
OPThowpublished = {Х},
OPTmonth = {Х},
OPTyear = {Х},
OPTnote = {Х},
OPTannote = {Х}
}

