@TECHREPORT{YACC,
    author = {Stephen C. Johnson},
    title = {Yacc: Yet Another Compiler-Compiler},
    institution = {Bell Laboratories},
    year = {1979}
}
@book{ANTLR,
  author = {Terence Parr},
  edition = {First},
  interHash = {d9ef4ed82183b86b6a3004161de5ea44},
  intraHash = {1688029f4c14bd3b234933a48e902c03},
  publisher = {Pragmatic Bookshelf},
  series = {Pragmatic Programmers},
  title = {The Definitive ANTLR Reference: Building Domain-Specific Languages},
  year = {2007},
  ean = {9780978739256},
  asin = {0978739256},
  isbn = {0978739256},
  dewey = {005.45},
  month = May
}
@inproceedings{AspectJ,
 author = {Kiczales, Gregor and Hilsdale, Erik and Hugunin, Jim and Kersten, Mik and Palm, Jeffrey and Griswold, William G.},
 title = {An Overview of {AspectJ}},
 booktitle = {ECOOP '01: Proceedings of the 15th European Conference on Object-Oriented Programming},
 year = {2001},
 isbn = {3-540-42206-4},
 pages = {327--353},
 publisher = {Springer-Verlag},
 address = {London, UK},
}
@article{ATG,
    author = {Knuth, Donald E.},
    citeulike-article-id = {2347534},
    citeulike-linkout-0 = {http://dx.doi.org/10.1007/BF01692511},
    citeulike-linkout-1 = {http://www.springerlink.com/content/m2501m07m4666813},
    day = {1},
    doi = {10.1007/BF01692511},
    journal = {Theory of Computing Systems},
    keywords = {attribute-grammar},
    month = {June},
    number = {2},
    pages = {127--145},
    posted-at = {2008-02-07 01:59:25},
    priority = {0},
    title = {Semantics of context-free languages},
    url = {http://dx.doi.org/10.1007/BF01692511},
    volume = {2},
    year = {1968}
}
@book{JLS,
        title = {The Java Language Specification, Third Edition},
        address = {Amsterdam},
        author = {James Gosling and Bill Joy and Guy Steele and Gilad Bracha},
        edition = 3,
        pages = 688,
        publisher = {Addison-Wesley Longman},
        year = 2005,
        day = 28,
        
      month = {June},
    biburl = {http://www.bibsonomy.org/bibtex/27ecc3fb9b3f3b3c322b372c99b0dfa2b/gron},
	keywords = {Java Language PhD Proposal Specification VM},
    asin = {0321246780}, 
    dewey = {005.133}, 
    ean = {9780321246783}, 
    isbn = {0321246780}
}
@inproceedings{Fragile,
  title = {{PCDiff}: Attacking the Fragile Pointcut Problem},
  booktitle = {European Interactive Workshop on Aspects in Software},
  year = {2004},
  month = {September},
  author = {Maximilian St{\"o}rzer and Christian Koppen},
  address = {Berlin, Germany},
  url = {http://pp.info.uni-karlsruhe.de/uploads/publikationen/stoerzer04eiwas.pdf},
}
@inproceedings{SableCC,
 author = {Gagnon, Etienne M. and Hendren, Laurie J.},
 title = {{SableCC}, an Object-Oriented Compiler Framework},
 booktitle = {TOOLS '98: Proceedings of the Technology of Object-Oriented Languages and Systems},
 year = {1998},
 isbn = {0-8186-8482-8},
 pages = {140--154},
 publisher = {IEEE Computer Society},
 address = {Washington, DC, USA},
 }
@article{JastAdd,
 author = {Hedin, G\"{o}rel and Magnusson, Eva},
 title = {{JastAdd}: an aspect-oriented compiler construction system},
 journal = {Science of Computer Programming},
 volume = {47},
 number = {1},
 year = {2003},
 issn = {0167-6423},
 pages = {37--58},
 doi = {http://dx.doi.org/10.1016/S0167-6423(02)00109-0},
 publisher = {Elsevier North-Holland, Inc.},
 address = {Amsterdam, The Netherlands, The Netherlands},
}
@article{Silver,
 author = {Van Wyk, Eric and Bodin, Derek and Gao, Jimin and Krishnan, Lijesh},
 title = {Silver: an Extensible Attribute Grammar System},
 journal = {ENTCS},
 volume = {203},
 number = {2},
 year = {2008},
 issn = {1571-0661},
 pages = {103--116},
 doi = {http://dx.doi.org/10.1016/j.entcs.2008.03.047},
 publisher = {Elsevier Science Publishers B. V.},
 address = {Amsterdam, The Netherlands, The Netherlands},
 }
@inproceedings{LISA,
 author = {Rebernak, Damijan and Mernik, Marjan},
 title = {A tool for compiler construction based on aspect-oriented specifications},
 booktitle = {COMPSAC '07: Proceedings of the 31st Annual International Computer Software and Applications Conference},
 year = {2007},
 isbn = {0-7695-2870-8},
 pages = {11--16},
 doi = {http://dx.doi.org/10.1109/COMPSAC.2007.46},
 publisher = {IEEE Computer Society},
 address = {Washington, DC, USA},
 }
@MISC{MPS,
	author = {JetBrains},
	title = {{Meta Programming System (MPS)}},
	year = {2009},
	howpublished = {\url{http://www.jetbrains.com/mps}},
}
@proceedings{DBLP:conf/fm/2001,
  editor    = {Jos{\'e} Nuno Oliveira and
               Pamela Zave},
  title     = {FME 2001: Formal Methods for Increasing Software Productivity,
               International Symposium of Formal Methods Europe, Berlin,
               Germany, March 12-16, 2001, Proceedings},
  booktitle = {FME},
  publisher = {Springer},
  series    = {Lecture Notes in Computer Science},
  volume    = {2021},
  year      = {2001},
  isbn      = {3-540-41791-5},
  bibsource = {DBLP, http://dblp.uni-trier.de}
}
@inproceedings{Island,
 author = {Moonen, Leon},
 title = {Generating Robust Parsers using Island Grammars},
 booktitle = {WCRE '01: Proceedings of the Eighth Working Conference on Reverse Engineering (WCRE'01)},
 year = {2001},
 isbn = {0-7695-1303-4},
 pages = {13},
 publisher = {IEEE Computer Society},
 address = {Washington, DC, USA},
 }
@MISC{Pretzel,
	author = {G\"artner, Felix},
	title = {The {PretzelBook}},
	year = {1998},
	howpublished = {\url{http://www.informatik.tu-darmstadt.de/BS/Gaertner/pretzel/distribution/doc/pretzelbook/pretzelbook.dvi}},
}
@MISC{xText1,
	author = {The Eclipse Foundation},
	title = {{Xtext}},
	year = {2009},
	howpublished = {\url{http://www.eclipse.org/Xtext}},
}
@MISC{xText,
	author = {Behrens, Heiko and Clay, Michael and Efftinge, Sven and Eysholdt, Moritz and Friese,
 Peter and K\"ohnlein, Jan and Wannheden, Knut and Zarnekow, Sebastian and contributors},
	title = {{Xtext User Guide}},
	year = {2009},
	howpublished = {\url{http://www.eclipse.org/Xtext/documentation/0_7_2/xtext.pdf}},
}
@techreport{CocoR,
 author = {Mossenbock, H.},
 title = {Coco/R - A Generator for Fast Compiler Front Ends},
 year = {1990},
 source = {http://www.ncstrl.org:8900/ncstrl/servlet/search?formname=detail\&id=oai%3Ancstrlh%3Aulinz_cs%3Ancstrl.ulinz_cs%2F%2FCS-SSW-ETH127},
 publisher = {Johannes Kepler Universitat Linz},
 }
@article{JavaCC,
 author = {Kodaganallur, Viswanathan},
 title = {Incorporating Language Processing into Java Applications: A {JavaCC} Tutorial},
 journal = {IEEE Software},
 volume = {21},
 number = {4},
 year = {2004},
 issn = {0740-7459},
 pages = {70--77},
 doi = {http://dx.doi.org/10.1109/MS.2004.16},
 publisher = {IEEE Computer Society Press},
 address = {Los Alamitos, CA, USA},
}
@article{Eli,
 author = {Gray, Robert W. and Levi, Steven P. and Heuring, Vincent P. and Sloane, Anthony M. and Waite, William M.},
 title = {Eli: a complete, flexible compiler construction system},
 journal = {Communications of the ACM},
 volume = {35},
 number = {2},
 year = {1992},
 issn = {0001-0782},
 pages = {121--130},
 doi = {http://doi.acm.org/10.1145/129630.129637},
 publisher = {ACM},
 address = {New York, NY, USA},
 }
@book{DragonBook,
 author = {Aho, Alfred V. and Sethi, Ravi and Ullman, Jeffrey D.},
 title = {Compilers: principles, techniques, and tools},
 year = {1986},
 isbn = {0-201-10088-6},
 publisher = {Addison-Wesley Longman Publishing Co., Inc.},
 address = {Boston, MA, USA},
 }
@book{DataFlow,
 author = {Khedker, Uday and Sanyal, Amitabha and Karkare, Bageshri},
 title = {Data Flow Analysis: Theory and Practice},
 year = {2009},
 isbn = {0849328802, 9780849328800},
 publisher = {CRC Press, Inc.},
 address = {Boca Raton, FL, USA},
 }
@book{Pierce,
 author = {Pierce, Benjamin C.},
 title = {Types and programming languages},
 year = {2002},
 isbn = {0-262-16209-1},
 publisher = {MIT Press},
 address = {Cambridge, MA, USA},
 }
@book{EMF,
 author = {Budinsky, Frank and Brodsky, Stephen A. and Merks, Ed},
 title = {Eclipse Modeling Framework},
 year = {2003},
 isbn = {0131425420},
 publisher = {Pearson Education},
 }
@INPROCEEDINGS{AOP,
  author = {Gregor Kiczales and John Lamping and Anurag Mendhekar and Chris Maeda
	and Cristina Videira Lopes and Jean-marc Loingtier and John Irwin
	and Gregor Kiczales and John Lamping and Anurag Mendhekar and Chris
	Maeda and Cristina Lopes and Jean-marc Loingtier and John Irwin},
  title = {Aspect-oriented programming},
  booktitle = {In ECOOP},
  year = {1997},
  publisher = {SpringerVerlag},
  owner = {abreslav},
  timestamp = {2010.01.18}
}
@book{YaccBook,
 author = {Levine, John and Mason, Tony and Brown, Doug},
 title = {Lex \& yacc, 2nd edition},
 year = {1992},
 isbn = {9781565920002},
 publisher = {O'Reilly},
 }
@book{BisonBook,
 author = {Levine, John},
 title = {Flex \& Bison},
 year = {2009},
 publisher = {O'Reilly},
 }
 @inproceedings{Menhir,
 author = {Denny, Joel E. and Malloy, Brian A.},
 title = {IELR(1): practical LR(1) parser tables for non-LR(1) grammars with conflict resolution},
 booktitle = {SAC '08: Proceedings of the 2008 ACM symposium on Applied computing},
 year = {2008},
 isbn = {978-1-59593-753-7},
 pages = {240--245},
 location = {Fortaleza, Ceara, Brazil},
 doi = {http://doi.acm.org/10.1145/1363686.1363747},
 publisher = {ACM},
 address = {New York, NY, USA},
 }
 @inproceedings{ASF+SDF,
 author = {van den Brand, Mark G. J. and Deursen, Arie van and Heering, Jan and Jong, H. A. de and Jonge, Merijn de and Kuipers, Tobias and Klint, Paul and Moonen, Leon and Olivier, Pieter A. and Scheerder, Jeroen and Vinju, Jurgen J. and Visser, Eelco and Visser, Joost},
 title = {The ASF+SDF Meta-environment: A Component-Based Language Development Environment},
 booktitle = {CC '01: Proceedings of the 10th International Conference on Compiler Construction},
 year = {2001},
 isbn = {3-540-41861-X},
 pages = {365--370},
 publisher = {Springer-Verlag},
 address = {London, UK},
 }
 @inproceedings{AspectG,
 author = {Wu, Hui and Gray, Jeff and Roychoudhury, Suman and Mernik, Marjan},
 title = {Weaving a debugging aspect into domain-specific language grammars},
 booktitle = {SAC '05: Proceedings of the 2005 ACM symposium on Applied computing},
 year = {2005},
 isbn = {1-58113-964-0},
 pages = {1370--1374},
 location = {Santa Fe, New Mexico},
 doi = {http://doi.acm.org/10.1145/1066677.1066986},
 publisher = {ACM},
 address = {New York, NY, USA},
 }
@article{Rats!,
 author = {Grimm, Robert},
 title = {Better extensibility through modular syntax},
 journal = {SIGPLAN Not.},
 volume = {41},
 number = {6},
 year = {2006},
 issn = {0362-1340},
 pages = {38--51},
 doi = {http://doi.acm.org/10.1145/1133255.1133987},
 publisher = {ACM},
 address = {New York, NY, USA},
 }
@book{Lisp,
 author = {Steele,Jr., Guy L.},
 title = {Common LISP: the language},
 year = {1984},
 isbn = {0-932376-41-X},
 publisher = {Digital Press},
 address = {Newton, MA, USA},
 }
@inproceedings{MacroML,
 author = {Ganz, Steven E. and Sabry, Amr and Taha, Walid},
 title = {Macros as multi-stage computations: type-safe, generative, binding macros in MacroML},
 booktitle = {ICFP '01: Proceedings of the sixth ACM SIGPLAN international conference on Functional programming},
 year = {2001},
 isbn = {1-58113-415-0},
 pages = {74--85},
 location = {Florence, Italy},
 doi = {http://doi.acm.org/10.1145/507635.507646},
 publisher = {ACM},
 address = {New York, NY, USA},
 }
 @inproceedings{HaskellTMP,
 author = {Sheard, Tim and Jones, Simon Peyton},
 title = {Template meta-programming for Haskell},
 booktitle = {Haskell '02: Proceedings of the 2002 ACM SIGPLAN workshop on Haskell},
 year = {2002},
 isbn = {1-58113-605-6},
 pages = {1--16},
 location = {Pittsburgh, Pennsylvania},
 doi = {http://doi.acm.org/10.1145/581690.581691},
 publisher = {ACM},
 address = {New York, NY, USA},
 }
@book{C++,
 author = {Stroustrup, Bjarne},
 title = {The  C++ Programming Language},
 year = {2000},
 isbn = {0201700735},
 publisher = {Addison-Wesley Longman Publishing Co., Inc.},
 address = {Boston, MA, USA},
 }
@Book{C,
author = { Kernighan, Brian W. and Ritchie, Dennis M., },
title = { The C programming language },
isbn = { 0131101633 },
publisher = { Prentice-Hall, Englewood Cliffs, N.J. : },
pages = { x, 228 p. ; },
year = { 1978 },
type = { Book },
language = { English },
subjects = { C (Computer program language) },
life-dates = { 1978 -  },
catalogue-url = { http://nla.gov.au/nla.cat-vn2391079 },
}
 @book{Velocity,
 author = {Gradecki, J. D. and Cole, J.},
 title = {Mastering Apache Velocity},
 year = {2003},
 publisher = {Wiley},
 } 
@article{Reuseware,
 author = {Heidenreich, Florian and Henriksson, Jakob and Johannes, Jendrik and Zschaler, Steffen},
 title = {On Language-Independent Model Modularisation},
 book = {Transactions on Aspect-Oriented Software Development VI: Special Issue on Aspects and Model-Driven Engineering},
 year = {2009},
 isbn = {978-3-642-03763-4},
 pages = {39--82},
 doi = {http://dx.doi.org/10.1007/978-3-642-03764-1_2},
 publisher = {Springer-Verlag},
 address = {Berlin, Heidelberg},
 }
@inproceedings{JAMI,
 author = {Havinga, Wilke and Bergmans, Lodewijk and Aksit, Mehmet},
 title = {Prototyping and Composing Aspect Languages},
 booktitle = {ECOOP '08: Proceedings of the 22nd European conference on Object-Oriented Programming},
 year = {2008},
 isbn = {978-3-540-70591-8},
 pages = {180--206},
 location = {Paphos, Cypress},
 doi = {http://dx.doi.org/10.1007/978-3-540-70592-5_9},
 publisher = {Springer-Verlag},
 address = {Berlin, Heidelberg},
 }
@inproceedings{XCPL,
 author = {Dekel, Uri and Cohen, Tal and Porat, Sara},
 title = {Towards a Standard Family of Languages for Matching Patterns in Source Code},
 booktitle = {SWSTE '03: Proceedings of the IEEE International Conference on Software-Science, Technology \& Engineering},
 year = {2003},
 isbn = {0-7695-2047-2},
 pages = {10},
 publisher = {IEEE Computer Society},
 address = {Washington, DC, USA},
 }
@book{Aspect.NET,
 author = {Safonov, Vladimir O.},
 title = {Using Aspect-Oriented Programming for Trustworthy Software Development},
 year = {2008},
 isbn = {0470138173, 9780470138175},
 publisher = {Wiley-Interscience},
 address = {New York, NY, USA},
 }
@inproceedings{POPART,
 author = {Dinkelaker, Tom and Monperrus, Martin and Mezini, Mira},
 title = {Untangling crosscutting concerns in domain-specific languages with domain-specific join points},
 booktitle = {DSAL '09: Proceedings of the 4th workshop on Domain-specific aspect languages},
 year = {2009},
 isbn = {978-1-60558-455-3},
 pages = {1--6},
 location = {Charlottesville, Virginia, USA},
 doi = {http://doi.acm.org/10.1145/1509307.1509309},
 publisher = {ACM},
 address = {New York, NY, USA},
 }
@inproceedings{XAspects,
 author = {Shonle, Macneil and Lieberherr, Karl and Shah, Ankit},
 title = {XAspects: an extensible system for domain-specific aspect languages},
 booktitle = {OOPSLA '03: Companion of the 18th annual ACM SIGPLAN conference on Object-oriented programming, systems, languages, and applications},
 year = {2003},
 isbn = {1-58113-751-6},
 pages = {28--37},
 location = {Anaheim, CA, USA},
 doi = {http://doi.acm.org/10.1145/949344.949349},
 publisher = {ACM},
 address = {New York, NY, USA},
 }
@article{VanWyk03,
 author = {Van Wyk, Eric},
 title = {Implementing aspect-oriented programming constructs as modular language extensions},
 journal = {Sci. Comput. Program.},
 volume = {68},
 number = {1},
 year = {2007},
 issn = {0167-6423},
 pages = {38--61},
 doi = {http://dx.doi.org/10.1016/j.scico.2005.06.006},
 publisher = {Elsevier North-Holland, Inc.},
 address = {Amsterdam, The Netherlands, The Netherlands},
 }
@inproceedings{Bagge06,
	author = {Bagge, A. and Kalleberg K. T.},
	title = {{DSAL} = library+notation: Program Transformation for Domain-Specific Aspect Languages},
	booktitle = {First Domain Specific Aspect Language Workshop (DSAL'06)}, 
	location = {Portland, Oregon}, 
	year = {2006},
} 